<record xmlns="http://www.loc.gov/MARC21/slim" xmlns:xsi="http://www.w3.org/2001/XMLSchema-instance" xsi:schemaLocation="http://www.loc.gov/MARC21/slim http://www.loc.gov/standards/marcxml/schema/MARC21slim.xsd">

  <leader>00493nam a2200157Ia 4500</leader>
  <controlfield tag="008">160210b1997    ck ||||| |||| 00| | spa d</controlfield>
  <datafield ind1=" " tag="020" ind2=" ">
    <subfield code="a">9589419909</subfield>
  </datafield>
  <datafield ind1=" " tag="090" ind2=" ">
    <subfield code="a">14.02.04 </subfield>
    <subfield code="b">2122</subfield>
  </datafield>
  <datafield ind2=" " ind1="1" tag="100">
    <subfield code="a">Isaza de Rojas, Elsy</subfield>
    <subfield code="9">1479</subfield>
  </datafield>
  <datafield ind1="1" tag="245" ind2="0">
    <subfield code="a">Talleres para padres de familia / </subfield>
    <subfield code="c">Elsy Isaza de Rojas</subfield>
  </datafield>
  <datafield ind2=" " tag="260" ind1=" ">
    <subfield code="a">Santafé de Bogotá : </subfield>
    <subfield code="b">Instituto Misionero hijas de San Pablo, </subfield>
    <subfield code="c">1997</subfield>
  </datafield>
  <datafield ind1=" " tag="300" ind2=" ">
    <subfield code="a">114 páginas</subfield>
  </datafield>
  <datafield ind1="1" tag="650" ind2="4">
    <subfield code="a">BIENESTAR DE LA FAMILIA </subfield>
    <subfield code="9">1480</subfield>
  </datafield>
  <datafield tag="650" ind1="1" ind2="4">
    <subfield code="a">TALLERES</subfield>
    <subfield code="9">783</subfield>
  </datafield>
  <datafield ind2=" " ind1=" " tag="942">
    <subfield code="2">z</subfield>
    <subfield code="c">01</subfield>
  </datafield>
  <datafield ind2=" " ind1=" " tag="999">
    <subfield code="c">375</subfield>
    <subfield code="d">375</subfield>
  </datafield>
</record>